<record><leader>00000cas a2200000 a 4500</leader><controlfield tag="001">6950306</controlfield><controlfield tag="007">hd bfu---buuu</controlfield><controlfield tag="008">801118d18301832ncuwr nea     0   a0eng c</controlfield><datafield ind1=" " ind2=" " tag="010"><subfield code="a">sn 95043021 </subfield></datafield><datafield ind1=" " ind2=" " tag="040"><subfield code="a">NGU</subfield><subfield code="b">eng</subfield><subfield code="c">NGU</subfield><subfield code="d">WAU</subfield><subfield code="d">OCL</subfield><subfield code="d">OCLCQ</subfield><subfield code="d">OCLCF</subfield><subfield code="d">OCLCO</subfield><subfield code="d">OCLCQ</subfield></datafield><datafield ind1=" " ind2=" " tag="042"><subfield code="a">pcc</subfield></datafield><datafield ind1=" " ind2=" " tag="043"><subfield code="a">n-us-nc</subfield></datafield><datafield ind1="0" ind2="0" tag="245"><subfield code="a">North-Carolina free press.</subfield></datafield><datafield ind1="1" ind2=" " tag="246"><subfield code="i">Title on microfilm title page:</subfield><subfield code="a">Free press Tarborough weekly</subfield></datafield><datafield ind1=" " ind2=" " tag="260"><subfield code="a">Tarborough, (Edgecombe Co., N.C.) :</subfield><subfield code="b">George Howard,</subfield><subfield code="c">1830-1832.</subfield></datafield><datafield ind1=" " ind2=" " tag="300"><subfield code="a">volumes</subfield></datafield><datafield ind1=" " ind2=" " tag="310"><subfield code="a">Weekly</subfield></datafield><datafield ind1=" " ind2=" " tag="336"><subfield code="a">text</subfield><subfield code="b">txt</subfield><subfield code="2">rdacontent</subfield></datafield><datafield ind1=" " ind2=" " tag="337"><subfield code="a">microform</subfield><subfield code="b">h</subfield><subfield code="2">rdamedia</subfield></datafield><datafield ind1=" " ind2=" " tag="338"><subfield code="a">microfilm reel</subfield><subfield code="b">hd</subfield><subfield code="2">rdacarrier</subfield></datafield><datafield ind1="0" ind2=" " tag="362"><subfield code="a">Vol. 7, no. 1 (Aug. 24, 1830)-v. 8, no. 52 (Aug. 21, 1832) = whole no. 313-whole no. 416.</subfield></datafield><datafield ind1=" " ind2=" " tag="533"><subfield code="a">Microfilm (negative).</subfield><subfield code="b">Raleigh, N.C.,</subfield><subfield code="c">North Carolina Dept. of Archives and History, Division of Archives and Manuscripts.</subfield><subfield code="e">microfilm reels ; 35 mm.</subfield></datafield><datafield ind1=" " ind2="0" tag="651"><subfield code="a">Tarboro (N.C.)</subfield><subfield code="v">Newspapers.</subfield></datafield><datafield ind1=" " ind2="7" tag="651"><subfield code="a">North Carolina</subfield><subfield code="z">Tarboro.</subfield><subfield code="2">fast</subfield><subfield code="0">(OCoLC)fst01215113</subfield></datafield><datafield ind1=" " ind2="7" tag="655"><subfield code="a">Newspapers.</subfield><subfield code="2">fast</subfield><subfield code="0">(OCoLC)fst01423814</subfield></datafield><datafield ind1="1" ind2=" " tag="710"><subfield code="a">North Carolina.</subfield><subfield code="b">State Department of Archives and History.</subfield></datafield><datafield ind1=" " ind2=" " tag="752"><subfield code="a">United States</subfield><subfield code="b">North Carolina</subfield><subfield code="c">Edgecombe</subfield><subfield code="d">Tarboro.</subfield></datafield><datafield ind1="0" ind2="0" tag="780"><subfield code="t">Free press (Halifax, N.C.)</subfield><subfield code="w">(DLC)sn 95043020</subfield><subfield code="w">(OCoLC)6950194</subfield></datafield><datafield ind1="0" ind2="0" tag="785"><subfield code="t">N. Carolina free press</subfield><subfield code="w">(DLC)sn 95043019</subfield><subfield code="w">(OCoLC)6950348</subfield></datafield><datafield ind1="1" ind2=" " tag="029"><subfield code="a">AU@</subfield><subfield code="b">000020122619</subfield></datafield></record>